<record><leader>01573nam a2200373 i 4500</leader><controlfield tag="001">6668389</controlfield><controlfield tag="003">OCoLC</controlfield><controlfield tag="005">20140813141809.0</controlfield><controlfield tag="008">140624t20152015enka     b    001 0 eng d</controlfield><datafield ind1=" " ind2=" " tag="020"><subfield code="a">1292060166 (pbk.)</subfield></datafield><datafield ind1=" " ind2=" " tag="020"><subfield code="a">9781292060163 (pbk.)</subfield></datafield><datafield ind1=" " ind2=" " tag="035"><subfield code="a">ocn882605741</subfield></datafield><datafield ind1=" " ind2=" " tag="040"><subfield code="a">CDX</subfield><subfield code="b">eng</subfield><subfield code="e">rda</subfield><subfield code="c">CDX</subfield><subfield code="d">UV0</subfield><subfield code="d">OCLCO</subfield><subfield code="d">UAB</subfield></datafield><datafield ind1=" " ind2="4" tag="050"><subfield code="a">HF5415.2</subfield><subfield code="b">.M28842 2015</subfield></datafield><datafield ind1="0" ind2="4" tag="082"><subfield code="a">658.8/3</subfield><subfield code="2">23</subfield></datafield><datafield ind1=" " ind2=" " tag="090"><subfield code="a">HF 5415.2 M28842 2015</subfield><subfield code="b">AEU</subfield></datafield><datafield ind1="1" ind2=" " tag="100"><subfield code="a">Malhotra, Naresh K.,</subfield><subfield code="e">author.</subfield></datafield><datafield ind1="1" ind2="0" tag="245"><subfield code="a">Essentials of marketing research :</subfield><subfield code="b">a hands-on orientation /</subfield><subfield code="c">Naresh K. Malhotra (Georgia Institute of Technology).</subfield></datafield><datafield ind1=" " ind2=" " tag="250"><subfield code="a">Global edition.</subfield></datafield><datafield ind1=" " ind2="1" tag="264"><subfield code="a">Harlow, Essex, England :</subfield><subfield code="b">Pearson Education Limited,</subfield><subfield code="c">[2015]</subfield></datafield><datafield ind1=" " ind2="4" tag="264"><subfield code="c">&#169;2015</subfield></datafield><datafield ind1=" " ind2=" " tag="300"><subfield code="a">432 pages :</subfield><subfield code="b">color illustrations ;</subfield><subfield code="c">28 cm.</subfield></datafield><datafield ind1=" " ind2=" " tag="336"><subfield code="a">text</subfield><subfield code="b">txt</subfield><subfield code="2">rdacontent</subfield></datafield><datafield ind1=" " ind2=" " tag="337"><subfield code="a">unmediated</subfield><subfield code="b">n</subfield><subfield code="2">rdamedia</subfield></datafield><datafield ind1=" " ind2=" " tag="338"><subfield code="a">volume</subfield><subfield code="b">nc</subfield><subfield code="2">rdacarrier</subfield></datafield><datafield ind1="1" ind2=" " tag="490"><subfield code="a">Always learning</subfield></datafield><datafield ind1=" " ind2=" " tag="500"><subfield code="a">Series title from cover.</subfield></datafield><datafield ind1=" " ind2=" " tag="500"><subfield code="a">"Authorized adaptation from the United States edition, entitled Essentials of Marketing Research: a Hands-On Orientation, 1st edition, ISBN 978-0-13-706673-5, by Naresh K. Malhotra, published by Pearson Education &#169;2015"--Title page verso.</subfield></datafield><datafield ind1=" " ind2=" " tag="504"><subfield code="a">Includes bibliographical references and index.</subfield></datafield><datafield ind1=" " ind2=" " tag="596"><subfield code="a">43</subfield></datafield><datafield ind1=" " ind2="0" tag="650"><subfield code="a">Marketing research.</subfield></datafield><datafield ind1=" " ind2="0" tag="830"><subfield code="a">Always learning.</subfield></datafield><datafield ind1=" " ind2=" " tag="949"><subfield code="a">HF 5415.2 M28842 2015</subfield><subfield code="c">1</subfield><subfield code="h">UAHS-B</subfield><subfield code="i">0162035138047</subfield></datafield><datafield ind1=" " ind2=" " tag="926"><subfield code="a">HF 5415.2 M28842 2015</subfield><subfield code="w">LC</subfield><subfield code="c">1</subfield><subfield code="i">0162035138047</subfield><subfield code="d">12/19/2016</subfield><subfield code="e">11/19/2016</subfield><subfield code="l">ON_SHELF</subfield><subfield code="m">UAHSS</subfield><subfield code="n">7</subfield><subfield code="p">$150.00</subfield><subfield code="r">Y</subfield><subfield code="s">Y</subfield><subfield code="t">BOOK</subfield><subfield code="u">9/2/2014</subfield></datafield></record>